@article{hu2016virtual,
  title={Virtual reality in education: a tool for learning in the experience age},
  author={Hu-Au, Elliot and Lee, Joey J},
  journal={International Journal of Innovation in Education},
  volume={4},
  number={4},
  pages={215--226},
  year={2017},
  publisher={Inderscience Publishers (IEL)}
}