@article{hu2017virtual,
  author    = {Hu-Au, Elliot and Lee, Joey J},
  journal   = {International Journal of Innovation in Education},
  number    = {4},
  pages     = {215--226},
  publisher = {Inderscience Publishers (IEL)},
  title     = {Virtual reality in education: a tool for learning in the experience age},
  volume    = {4},
  year      = {2017}
}

@article{mikropoulos2011educational,
  author    = {Mikropoulos, Tassos A and Natsis, Antonis},
  journal   = {Computers \& education},
  number    = {3},
  pages     = {769--780},
  publisher = {Elsevier},
  title     = {Educational virtual environments: A ten-year review of empirical research (1999--2009)},
  volume    = {56},
  year      = {2011}
}


@article{merchant2014effectiveness,
  author    = {Merchant, Zahira and Goetz, Ernest T and Cifuentes, Lauren and Keeney-Kennicutt, Wendy and Davis, Trina J},
  journal   = {Computers \& education},
  pages     = {29--40},
  publisher = {Elsevier},
  title     = {Effectiveness of virtual reality-based instruction on students' learning outcomes in K-12 and higher education: A meta-analysis},
  volume    = {70},
  year      = {2014}
}

@inproceedings{ding2022review,
  author       = {Ding, Xiaoqin and Li, Zhe},
  booktitle    = {Frontiers in Education},
  organization = {Frontiers},
  pages        = {1048816},
  title        = {A review of the application of virtual reality technology in higher education based on Web of Science literature data as an example},
  volume       = {7},
  year         = {2022}
}
